@MISC {redblob,
	author = "Amit Patel",
	title = "Polygonal Map Generation for Games",
	journal = "Red Blob Games",
	year = "2010",
	howpublished = "\url{http://www-cs-students.stanford.edu/~amitp/game-programming/polygon-map-generation/}"
}

